@book{bar,
AUTHOR = "Janek Sranek",
TITLE = "Ksiazka o pupie",
PUBLISHER = {srydawnctwo},
ADDRES = {kupadolek},
YEAR = 2000
}
@misc{javaWikiPL,
  title = {{Java}},
  howpublished = "\url{http://pl.wikipedia.org/wiki/Java}",
  note = "[Online; dostęp 16.11.2014]"
}
@book{gag,
AUTHOR = "Janek Dupa",
TITLE = "Kupa o pupie",
PUBLISHER = {srydawnctwo},
ADDRES = {kupadolek},
YEAR = 2000
}
@misc{developer.android,
  title = {{Android}},
  howpublished = "\url{http://developer.android.com}",
  note = "[Online; dostęp 16.11.2014]"
}
@misc{developer.google,
  title = {{Google}},
  howpublished = "\url{http://developer.google.com}",
  note = "[Online; dostęp 16.11.2014]"
 }
@misc{java.doc,
  title = {{dokumentacj Javy}},
  howpublished = "\url{https://docs.oracle.com/javase/specs/jls/se8/html/index.html}",
  note = "[Online; dostęp 16.11.2014]"
}
@misc{apache.wiki,
  title = {{Apache HTTP serwer}},
  howpublished = "\url{http://en.wikipedia.org/wiki/Apache_HTTP_Server}",
  note = "[Online; dostęp 16.11.2014]"
}
@misc{apache.tomcat,
  title = {{Apache Tomcat}},
  howpublished = "\url{http://tomcat.apache.org/}",
  note = "[Online; dostęp 16.11.2014]"
}
@misc{apache.org,
  title = {{Apache Org}},
  howpublished = "\url{http://apache.org/}",
  note = "[Online; dostęp 16.11.2014]"
}
@misc{javascript.wiki,
  title = {{JavaScript wiki}},
  howpublished = "\url{http://pl.wikipedia.org/wiki/JavaScript}",
  note = "[Online; dostęp 16.11.2014]"
}
@misc{xml.wiki,
  title = {{xml wiki}},
  howpublished = "\url{http://pl.wikipedia.org/wiki/XML}",
  note = "[Online; dostęp 16.11.2014]"
}
